@Article{YSC2021,
  author    = {Chris Yu and Henrik Schumacher and Keenan Crane},
  journal   = {{ACM} Transactions on Graphics},
  title     = {Repulsive Curves},
  year      = {2021},
  month     = apr,
  number    = {2},
  pages     = {1--21},
  volume    = {40},
  doi       = {10.1145/3439429},
  file      = {:YSC2021 - YuSchumacherCrane - Repulsive Curves.pdf:PDF},
  groups    = {Repulsive Curves},
  publisher = {Association for Computing Machinery ({ACM})},
}

@Article{BO1995,
  author    = {Gregory Buck and Jeremey Orloff},
  journal   = {Topology and its Applications},
  title     = {A simple energy function for knots},
  year      = {1995},
  month     = feb,
  number    = {3},
  pages     = {205--214},
  volume    = {61},
  doi       = {10.1016/0166-8641(94)00024-w},
  file      = {:BO1995 - BuckOrloff - A Simple Energy Function for Knots.pdf:PDF},
  groups    = {Repulsive Curves},
  publisher = {Elsevier {BV}},
}

@Book{Trefethen_2020,
  author    = {Lloyd N. Trefethen},
  year      = {2020},
  title     = {Approximation Theory and Approximation Practice},
  publisher = {SIAM},
  address   = {Philadelphia, Pa},
  edition   = {Extended Edition}
}

